<record><leader>00000cas a2200000 a 4500</leader><controlfield tag="001">10929894</controlfield><controlfield tag="008">840709d18uu1908nyudr ne      0    0eng c</controlfield><datafield ind1=" " ind2=" " tag="010"><subfield code="a">sn 84031416 </subfield></datafield><datafield ind1=" " ind2=" " tag="040"><subfield code="a">NYG</subfield><subfield code="b">eng</subfield><subfield code="c">NYG</subfield><subfield code="d">NYS</subfield><subfield code="d">OCL</subfield><subfield code="d">NYS</subfield><subfield code="d">OCLCQ</subfield><subfield code="d">OCLCF</subfield><subfield code="d">OCLCO</subfield></datafield><datafield ind1=" " ind2=" " tag="042"><subfield code="a">pcc</subfield></datafield><datafield ind1=" " ind2=" " tag="043"><subfield code="a">n-us-ny</subfield></datafield><datafield ind1="0" ind2=" " tag="130"><subfield code="a">Evening tribune (Hornell, N.Y. : 1882)</subfield></datafield><datafield ind1="1" ind2="4" tag="245"><subfield code="a">The evening tribune.</subfield></datafield><datafield ind1="1" ind2="3" tag="246"><subfield code="a">Daily evening tribune</subfield></datafield><datafield ind1=" " ind2=" " tag="260"><subfield code="a">Hornellsville, N.Y. :</subfield><subfield code="b">Greenhow &amp; Peck</subfield></datafield><datafield ind1=" " ind2=" " tag="300"><subfield code="a">v. :</subfield><subfield code="b">ill.</subfield></datafield><datafield ind1=" " ind2=" " tag="310"><subfield code="a">Daily</subfield></datafield><datafield ind1="1" ind2=" " tag="362"><subfield code="a">Ceased in 1908.</subfield><subfield code="z">Cf. Faibisoff &amp; Tripp, A Bibl. of newspapers, 1978.</subfield></datafield><datafield ind1=" " ind2=" " tag="500"><subfield code="a">Publisher: W.H. Greenhow, &lt;1892&gt;.</subfield></datafield><datafield ind1=" " ind2=" " tag="500"><subfield code="a">"Democratic."</subfield></datafield><datafield ind1=" " ind2=" " tag="530"><subfield code="a">Also issued on microfilm from the Micro Photo Division, Bell and Howell.</subfield></datafield><datafield ind1=" " ind2=" " tag="588"><subfield code="a">Description based on: Vol. 6, no. 191 (Jan. 21, 1882).</subfield></datafield><datafield ind1=" " ind2="0" tag="651"><subfield code="a">Hornell (N.Y.)</subfield><subfield code="v">Newspapers.</subfield></datafield><datafield ind1=" " ind2="0" tag="651"><subfield code="a">Steuben County (N.Y.)</subfield><subfield code="v">Newspapers.</subfield></datafield><datafield ind1=" " ind2="7" tag="655"><subfield code="a">Newspapers.</subfield><subfield code="2">fast</subfield><subfield code="0">(OCoLC)fst01423814</subfield></datafield><datafield ind1=" " ind2="7" tag="651"><subfield code="a">New York (State)</subfield><subfield code="z">Hornell.</subfield><subfield code="2">fast</subfield><subfield code="0">(OCoLC)fst01218982</subfield></datafield><datafield ind1=" " ind2="7" tag="651"><subfield code="a">New York (State)</subfield><subfield code="z">Steuben County.</subfield><subfield code="2">fast</subfield><subfield code="0">(OCoLC)fst01216870</subfield></datafield><datafield ind1=" " ind2=" " tag="752"><subfield code="a">United States</subfield><subfield code="b">New York</subfield><subfield code="c">Steuben</subfield><subfield code="d">Hornell.</subfield></datafield><datafield ind1=" " ind2=" " tag="752"><subfield code="a">United States</subfield><subfield code="b">New York</subfield><subfield code="c">Steuben</subfield><subfield code="d">Hornellsville.</subfield></datafield><datafield ind1="0" ind2="0" tag="780"><subfield code="t">Hornellsville evening tribune</subfield><subfield code="w">(DLC)sn 90066609</subfield><subfield code="w">(OCoLC)22858687</subfield></datafield><datafield ind1="0" ind2="7" tag="785"><subfield code="t">Hornell daily times (Hornell, N.Y. : 1906)</subfield><subfield code="w">(DLC)sn 84031620</subfield><subfield code="w">(OCoLC)11205171</subfield></datafield><datafield ind1="0" ind2="7" tag="785"><subfield code="t">Evening tribune and Hornell daily times</subfield><subfield code="w">(DLC)sn 85054469</subfield><subfield code="w">(OCoLC)11992288</subfield></datafield></record>